<?xml version="1.0" encoding="UTF-8"?>
<record xmlns="http://www.loc.gov/MARC21/slim">
   <leader>02095cam a2200481 a 4500</leader>
   <controlfield tag="001">617353</controlfield>
   <controlfield tag="008">890501s1987    abca    rb   s000 0 eng c</controlfield>
   <datafield tag="020" ind1=" " ind2=" ">
      <subfield code="a">0773200452</subfield>
   </datafield>
   <datafield tag="035" ind1=" " ind2=" ">
      <subfield code="a">ocm25373064</subfield>
   </datafield>
   <datafield tag="040" ind1=" " ind2=" ">
      <subfield code="b">eng</subfield>
   </datafield>
   <datafield tag="043" ind1=" " ind2=" ">
      <subfield code="a">n-cn-ab</subfield>
   </datafield>
   <datafield tag="045" ind1=" " ind2=" ">
      <subfield code="a">x5x6</subfield>
   </datafield>
   <datafield tag="049" ind1=" " ind2=" ">
      <subfield code="a">AEU</subfield>
      <subfield code="b">eng</subfield>
   </datafield>
   <datafield tag="050" ind1=" " ind2="4">
      <subfield code="a">TN873.C22</subfield>
      <subfield code="b">A389 1987</subfield>
   </datafield>
   <datafield tag="080" ind1=" " ind2=" ">
      <subfield code="a">553.984:(*428.1) BICHA</subfield>
   </datafield>
   <datafield tag="090" ind1=" " ind2=" ">
      <subfield code="a">TN 850 B583 1987</subfield>
      <subfield code="b">AER</subfield>
   </datafield>
   <datafield tag="090" ind1="0" ind2=" ">
      <subfield code="a">TN 873 C22 B583 1987</subfield>
   </datafield>
   <datafield tag="090" ind1=" " ind2=" ">
      <subfield code="a">TN 873 C22 B471 1987</subfield>
      <subfield code="b">AEEN</subfield>
   </datafield>
   <datafield tag="100" ind1="1" ind2=" ">
      <subfield code="a">Bichard, John A.</subfield>
   </datafield>
   <datafield tag="240" ind1="0" ind2="0">
      <subfield code="a">Oil sands composition and behaviour research /</subfield>
      <subfield code="c">John A. Bichard.</subfield>
   </datafield>
   <datafield tag="245" ind1="1" ind2="0">
      <subfield code="a">Oil sands composition and behaviour research /</subfield>
      <subfield code="c">John A. Bichard.</subfield>
   </datafield>
   <datafield tag="246" ind1="3" ind2="4">
      <subfield code="a">Oil sands composition and behaviour research the research papers of John A. Bichard 1957-1965</subfield>
   </datafield>
   <datafield tag="260" ind1=" " ind2=" ">
      <subfield code="a">Edmonton, Alta. :</subfield>
      <subfield code="b">AOSTRA,</subfield>
      <subfield code="c">1987.</subfield>
   </datafield>
   <datafield tag="300" ind1=" " ind2=" ">
      <subfield code="a">1 v. (various pagings) :</subfield>
      <subfield code="b">ill. ;</subfield>
      <subfield code="c">28 cm.</subfield>
   </datafield>
   <datafield tag="336" ind1=" " ind2=" ">
      <subfield code="a">text</subfield>
      <subfield code="b">txt</subfield>
      <subfield code="2">rdacontent</subfield>
   </datafield>
   <datafield tag="337" ind1=" " ind2=" ">
      <subfield code="a">unmediated</subfield>
      <subfield code="b">n</subfield>
      <subfield code="2">rdamedia</subfield>
   </datafield>
   <datafield tag="338" ind1=" " ind2=" ">
      <subfield code="a">volume</subfield>
      <subfield code="b">nc</subfield>
      <subfield code="2">rdacarrier</subfield>
   </datafield>
   <datafield tag="490" ind1="1" ind2=" ">
      <subfield code="a">AOSTRA technical publication series ;</subfield>
      <subfield code="v"># 4</subfield>
   </datafield>
   <datafield tag="500" ind1=" " ind2=" ">
      <subfield code="a">Sponsored by: Imperial Oil Limited and Syncrude of Canada Ltd.</subfield>
   </datafield>
   <datafield tag="504" ind1=" " ind2=" ">
      <subfield code="a">Includes bibliographical references.</subfield>
   </datafield>
   <datafield tag="520" ind1=" " ind2=" ">
      <subfield code="a">Collection of research papers on the Athabasca Oil Sands in northern Alberta, including composition (of oil sands, oil, minerals, water and gas), behaviour (flotation, additives, sand reduction and solvent dilution) and mechanisms (interfacial and microstructure).</subfield>
   </datafield>
   <datafield tag="596" ind1=" " ind2=" ">
      <subfield code="a">2 11 12 14 48</subfield>
   </datafield>
   <datafield tag="650" ind1=" " ind2="0">
      <subfield code="a">Oil sands</subfield>
      <subfield code="z">Alberta.</subfield>
   </datafield>
   <datafield tag="710" ind1="2" ind2=" ">
      <subfield code="a">Alberta Oil Sands Technology and Research Authority.</subfield>
   </datafield>
   <datafield tag="710" ind1="2" ind2=" ">
      <subfield code="a">Imperial Oil Limited.</subfield>
   </datafield>
   <datafield tag="710" ind1="2" ind2=" ">
      <subfield code="a">Syncrude Canada Ltd.</subfield>
   </datafield>
   <datafield tag="830" ind1=" " ind2="0">
      <subfield code="a">AOSTRA technical publication series ;</subfield>
      <subfield code="v">no. 4.</subfield>
   </datafield>
   <datafield tag="926" ind1=" " ind2=" ">
      <subfield code="a">AGL_CAP</subfield>
      <subfield code="b">ON_SHELF</subfield>
      <subfield code="c">TN 873 C22 B471 1987</subfield>
      <subfield code="d">BOOK</subfield>
      <subfield code="f">1</subfield>
   </datafield>
   <datafield tag="926" ind1=" " ind2=" ">
      <subfield code="a">AGL_CAP</subfield>
      <subfield code="b">ARCHIVES</subfield>
      <subfield code="c">TN 873 C22 B471 1987</subfield>
      <subfield code="d">NO_LOAN</subfield>
      <subfield code="f">2</subfield>
   </datafield>
   <datafield tag="926" ind1=" " ind2=" ">
      <subfield code="a">AITF_CALG</subfield>
      <subfield code="b">ON_SHELF</subfield>
      <subfield code="c">TN 850 B583 1987</subfield>
      <subfield code="d">BOOK</subfield>
      <subfield code="f">2</subfield>
   </datafield>
   <datafield tag="926" ind1=" " ind2=" ">
      <subfield code="a">AITF_C-FER</subfield>
      <subfield code="b">ON_SHELF</subfield>
      <subfield code="c">TN 850 B583 1987</subfield>
      <subfield code="d">BOOK</subfield>
      <subfield code="f">4</subfield>
   </datafield>
   <datafield tag="926" ind1=" " ind2=" ">
      <subfield code="a">AITF_MW</subfield>
      <subfield code="b">REFERENCE</subfield>
      <subfield code="c">TN 850 B583 1987</subfield>
      <subfield code="d">NO_LOAN</subfield>
      <subfield code="f">1</subfield>
   </datafield>
   <datafield tag="926" ind1=" " ind2=" ">
      <subfield code="a">AITF_MW</subfield>
      <subfield code="b">CHECKEDOUT</subfield>
      <subfield code="c">TN 850 B583 1987</subfield>
      <subfield code="d">BOOK</subfield>
      <subfield code="e">1/22/2024</subfield>
      <subfield code="f">6</subfield>
   </datafield>
   <datafield tag="926" ind1=" " ind2=" ">
      <subfield code="a">UASCITECH</subfield>
      <subfield code="b">ON_SHELF</subfield>
      <subfield code="c">TN 873 C22 B583 1987</subfield>
      <subfield code="d">BOOK</subfield>
      <subfield code="f">1</subfield>
   </datafield>
</record>
